@book{Tannenbaum,
author={Tanenbaum, Andrew S.},
title={Organização Estruturada de Computadores},
publisher={São Paulo: Pearson},
year={2013},
volume={4}
}

@article{chugg2004broadening,
  title={Broadening of the variance of the number of upsets in a read-cycle by MBUs},
  author={Chugg, AM and Moutrie, MJ and Jones, R},
  journal={IEEE Transactions on Nuclear Science},
  volume={51},
  number={6},
  pages={3701--3707},
  year={2004},
  publisher={IEEE}
}

@article{slayman2005cache,
  title={Cache and memory error detection, correction, and reduction techniques for terrestrial servers and workstations},
  author={Slayman, Charles W},
  journal={IEEE Transactions on Device and Materials Reliability},
  volume={5},
  number={3},
  pages={397--404},
  year={2005},
  publisher={IEEE}
}

@inproceedings{varghese2013multiple,
  title={Multiple bit error correction for high data rate aerospace applications},
  author={Varghese, Bibin and Sreelal, S and Vinod, P and Krishnan, AR},
  booktitle={2013 IEEE Conference on Information \& Communication Technologies},
  pages={1086--1090},
  year={2013},
  organization={IEEE}
}

@inproceedings{argyrides2007matrix,
  title={Matrix codes: Multiple bit upsets tolerant method for SRAM memories},
  author={Argyrides, Costas and Zarandi, Hamid R and Pradhan, Dhiraj K},
  booktitle={22nd IEEE International Symposium on Defect and Fault-Tolerance in VLSI Systems (DFT 2007)},
  pages={340--348},
  year={2007},
  organization={IEEE}
}

@inproceedings{castro2016correction,
  title={A correction code for multiple cells upsets in memory devices for space applications},
  author={Castro, Helano de S and da Silveira, Jarbas AN and Coelho, Alexandre AP and e Silva, Felipe GA and Magalh{\~a}es, Philippe de S and de Lima, Ot{\'a}vio A},
  booktitle={2016 14th IEEE International New Circuits and Systems Conference (NEWCAS)},
  pages={1--4},
  year={2016},
  organization={IEEE}
}

@inproceedings{silva2017efficient,
  title={An efficient, low-cost ECC approach for critical-application memories},
  author={Silva, Felipe and Lima, Ot{\'a}vio and Freitas, Walter and Vargas, Fabian and Silveira, Jarbas and Marcon, C{\'e}sar},
  booktitle={Proceedings of the 30th Symposium on Integrated Circuits and Systems Design: Chip on the Sands},
  pages={198--203},
  year={2017}
}

@inproceedings{magalhaes2019phicc,
  title={PHICC: an error correction code for memory devices},
  author={Magalh{\~a}es, Philippe and Alc{\^a}ntara, Ot{\'a}vio and Silveira, Jarbas},
  booktitle={2019 32nd Symposium on Integrated Circuits and Systems Design (SBCCI)},
  pages={1--6},
  year={2019},
  organization={IEEE}
}

@article{satoh2000geometric,
  title={Geometric effect of multiple-bit soft errors induced by cosmic ray neutrons on DRAM's},
  author={Satoh, S and Tosaka, Y and Wender, SA},
  journal={IEEE Electron Device Letters},
  volume={21},
  number={6},
  pages={310--312},
  year={2000},
  publisher={IEEE}
}

@article{impact,
  title={Impact of scaling on neutron-induced soft error in SRAMs from a 250 nm to a 22 nm design rule},
  author={Ibe, Eishi and Taniguchi, Hitoshi and Yahagi, Yasuo and Shimbo, Ken-ichi and Toba, Tadanobu},
  journal={IEEE Transactions on Electron Devices},
  volume={57},
  number={7},
  pages={1527--1538},
  year={2010},
  publisher={IEEE}
}

@inproceedings{silva2017evaluation,
  title={Evaluation of multiple bit upset tolerant codes for NoCs buffering},
  author={Silva, Felipe and Magalh{\~a}es, Walter and Silveira, Jarbas and Ferreira, Jo{\~a}o Marcelo and Magalh{\~a}es, Philippe and Lima, Otavio A and Marcon, C{\'e}sar},
  booktitle={2017 IEEE 8th Latin American Symposium on Circuits \& Systems (LASCAS)},
  pages={1--4},
  year={2017},
  organization={IEEE}
}

@article{lawrence2008single,
  title={Single event effect induced multiple-cell upsets in a commercial 90 nm CMOS digital technology},
  author={Lawrence, Reed K and Kelly, Andrew T},
  journal={IEEE transactions on nuclear science},
  volume={55},
  number={6},
  pages={3367--3374},
  year={2008},
  publisher={IEEE}
}

@article{sanchez2012hamming,
  title={Hamming SEC-DAED and extended hamming SEC-DED-TAED codes through selective shortening and bit placement},
  author={Sanchez-Macian, Alfonso and Reviriego, Pedro and Maestro, Juan Antonio},
  journal={IEEE Transactions on Device and Materials Reliability},
  volume={14},
  number={1},
  pages={574--576},
  year={2012},
  publisher={IEEE}
}
